@InProceedings{llvm-pres,
  author    = {Chris Lattner and Vikram Adve},
  title     = "{LLVM: A Compilation Framework for Lifelong Program Analysis \& Transformation}",
  booktitle = "{Proceedings of the 2004 International Symposium on Code Generation and Optimization (CGO'04)}",
  address   = {Palo Alto, California},
  month     = {Mar},
  year      = {2004}
}
@TECHREPORT{npkSem,
  author = {Charles {H}ymans and Olivier {L}evillain},
  title = {{N}ewspeak, {D}oubleplussimple {M}inilang for {G}oodthinkful {S}tatic {A}nalysis of {C}},
  institution = {EADS IW/SE},
  year = {2008},
  type = {Technical Note},
  number = {2008-IW-SE-00010-1}
}
@inproceedings{spjcmm,
  author    = {Simon L. Peyton Jones and
               Thomas Nordin and
               Dino Oliva},
  title     = {C-: A Portable Assembly Language},
  booktitle = {Implementation of Functional Languages},
  year      = {1997},
  pages     = {1-19},
  ee        = {http://dx.doi.org/10.1007/BFb0055421},
  crossref  = {DBLP:conf/ifl/1997},
  bibsource = {DBLP, http://dblp.uni-trier.de}
}
@proceedings{DBLP:conf/ifl/1997,
  editor    = {Chris Clack and
               Kevin Hammond and
               Antony J. T. Davie},
  title     = {Implementation of Functional Languages, 9th International
               Workshop, IFL'97, St. Andrews, Scotland, UK, September 10-12,
               1997, Selected Papers},
  booktitle = {IFL},
  publisher = {Springer},
  series    = {Lecture Notes in Computer Science},
  volume    = {1467},
  year      = {1998},
  isbn      = {3-540-64849-6},
  bibsource = {DBLP, http://dblp.uni-trier.de}
}
